<?xml version="1.0" encoding="UTF-8"?>
  <record xmlns="http://www.loc.gov/MARC21/slim" type="Authority">
    <leader>00000nz  a2200000nc 4500</leader>
    <controlfield tag="001">121588270</controlfield>
    <controlfield tag="003">DE-101</controlfield>
    <controlfield tag="005">20160309111804.0</controlfield>
    <controlfield tag="008">991123n||azznnaabn           | aaa    |c</controlfield>
    <datafield tag="024" ind1="7" ind2=" ">
      <subfield code="a">121588270</subfield>
      <subfield code="0">http://d-nb.info/gnd/121588270</subfield>
      <subfield code="2">gnd</subfield>
    </datafield>
    <datafield tag="035" ind1=" " ind2=" ">
      <subfield code="a">(DE-101)121588270</subfield>
    </datafield>
    <datafield tag="035" ind1=" " ind2=" ">
      <subfield code="a">(DE-588)121588270</subfield>
    </datafield>
    <datafield tag="035" ind1=" " ind2=" ">
      <subfield code="z">(DE-588a)121588270</subfield>
      <subfield code="9">v:zg</subfield>
    </datafield>
    <datafield tag="035" ind1=" " ind2=" ">
      <subfield code="z">(DE-588c)4733800-3</subfield>
      <subfield code="9">v:zg</subfield>
    </datafield>
    <datafield tag="040" ind1=" " ind2=" ">
      <subfield code="a">DE-12</subfield>
      <subfield code="c">DE-12</subfield>
      <subfield code="9">r:DE-12</subfield>
      <subfield code="b">ger</subfield>
      <subfield code="d">0352</subfield>
      <subfield code="e">rda</subfield>
    </datafield>
    <datafield tag="042" ind1=" " ind2=" ">
      <subfield code="a">gnd1</subfield>
    </datafield>
    <datafield tag="043" ind1=" " ind2=" ">
      <subfield code="c">XA-DE</subfield>
    </datafield>
    <datafield tag="065" ind1=" " ind2=" ">
      <subfield code="a">16.5p</subfield>
      <subfield code="2">sswd</subfield>
    </datafield>
    <datafield tag="075" ind1=" " ind2=" ">
      <subfield code="b">p</subfield>
      <subfield code="2">gndgen</subfield>
    </datafield>
    <datafield tag="075" ind1=" " ind2=" ">
      <subfield code="b">piz</subfield>
      <subfield code="2">gndspec</subfield>
    </datafield>
    <datafield tag="079" ind1=" " ind2=" ">
      <subfield code="a">g</subfield>
      <subfield code="q">a</subfield>
      <subfield code="q">f</subfield>
      <subfield code="q">s</subfield>
    </datafield>
    <datafield tag="100" ind1="1" ind2=" ">
      <subfield code="a">Löffelholz von Colberg, Georg Burkhard</subfield>
      <subfield code="d">1664-1737</subfield>
    </datafield>
    <datafield tag="375" ind1=" " ind2=" ">
      <subfield code="a">1</subfield>
      <subfield code="2">iso5218</subfield>
    </datafield>
    <datafield tag="400" ind1="1" ind2=" ">
      <subfield code="a">Löffelholz von Colberg, Georg Burckhard</subfield>
      <subfield code="d">1664-1737</subfield>
    </datafield>
    <datafield tag="400" ind1="1" ind2=" ">
      <subfield code="a">Löffelholz von Colberg, Georg Burchard</subfield>
      <subfield code="d">1664-1737</subfield>
    </datafield>
    <datafield tag="400" ind1="1" ind2=" ">
      <subfield code="a">Löffelholtz von Colberg, Georg Burkhard</subfield>
      <subfield code="d">1664-1737</subfield>
    </datafield>
    <datafield tag="400" ind1="1" ind2=" ">
      <subfield code="a">Löffelholtz von Colberg, Georg Burckhard</subfield>
      <subfield code="d">1664-1737</subfield>
    </datafield>
    <datafield tag="400" ind1="1" ind2=" ">
      <subfield code="a">Löffelholtz von Colberg, Georg Burchard</subfield>
      <subfield code="d">1664-1737</subfield>
    </datafield>
    <datafield tag="400" ind1="1" ind2=" ">
      <subfield code="a">Löffelholz von Kolberg, Georg Burkhard</subfield>
      <subfield code="d">1664-1737</subfield>
    </datafield>
    <datafield tag="400" ind1="1" ind2=" ">
      <subfield code="a">Löffelholz von Kolberg, Georg Burckhard</subfield>
      <subfield code="d">1664-1737</subfield>
    </datafield>
    <datafield tag="400" ind1="1" ind2=" ">
      <subfield code="a">Löffelholz von Kolberg, Georg Burchard</subfield>
      <subfield code="d">1664-1737</subfield>
    </datafield>
    <datafield tag="400" ind1="1" ind2=" ">
      <subfield code="a">Löffelholtz von Kolberg, Georg Burkhard</subfield>
      <subfield code="d">1664-1737</subfield>
    </datafield>
    <datafield tag="400" ind1="1" ind2=" ">
      <subfield code="a">Löffelholtz von Kolberg, Georg Burckhard</subfield>
      <subfield code="d">1664-1737</subfield>
    </datafield>
    <datafield tag="400" ind1="1" ind2=" ">
      <subfield code="a">Löffelholtz von Kolberg, Georg Burchard</subfield>
      <subfield code="d">1664-1737</subfield>
    </datafield>
    <datafield tag="400" ind1="1" ind2=" ">
      <subfield code="a">Colberg, Georg Burkhard Löffelholz &#152;von&#156;</subfield>
      <subfield code="d">1664-1737</subfield>
    </datafield>
    <datafield tag="400" ind1="1" ind2=" ">
      <subfield code="a">Colberg, Georg Burckhard Löffelholz &#152;von&#156;</subfield>
      <subfield code="d">1664-1737</subfield>
    </datafield>
    <datafield tag="400" ind1="1" ind2=" ">
      <subfield code="a">Colberg, Georg Burchard Löffelholz &#152;von&#156;</subfield>
      <subfield code="d">1664-1737</subfield>
    </datafield>
    <datafield tag="400" ind1="1" ind2=" ">
      <subfield code="a">Colberg, Georg Burkhard Löffelholtz &#152;von&#156;</subfield>
      <subfield code="d">1664-1737</subfield>
    </datafield>
    <datafield tag="400" ind1="1" ind2=" ">
      <subfield code="a">Colberg, Georg Burckhard Löffelholtz &#152;von&#156;</subfield>
      <subfield code="d">1664-1737</subfield>
    </datafield>
    <datafield tag="400" ind1="1" ind2=" ">
      <subfield code="a">Colberg, Georg Burchard Löffelholtz &#152;von&#156;</subfield>
      <subfield code="d">1664-1737</subfield>
    </datafield>
    <datafield tag="400" ind1="1" ind2=" ">
      <subfield code="a">Kolberg, Georg Burkhard Löffelholz &#152;von&#156;</subfield>
      <subfield code="d">1664-1737</subfield>
    </datafield>
    <datafield tag="400" ind1="1" ind2=" ">
      <subfield code="a">Kolberg, Georg Burckhard Löffelholz &#152;von&#156;</subfield>
      <subfield code="d">1664-1737</subfield>
    </datafield>
    <datafield tag="400" ind1="1" ind2=" ">
      <subfield code="a">Kolberg, Georg Burchard Löffelholz &#152;von&#156;</subfield>
      <subfield code="d">1664-1737</subfield>
    </datafield>
    <datafield tag="400" ind1="1" ind2=" ">
      <subfield code="a">Kolberg, Georg Burkhard Löffelholtz &#152;von&#156;</subfield>
      <subfield code="d">1664-1737</subfield>
    </datafield>
    <datafield tag="400" ind1="1" ind2=" ">
      <subfield code="a">Kolberg, Georg Burckhard Löffelholtz &#152;von&#156;</subfield>
      <subfield code="d">1664-1737</subfield>
    </datafield>
    <datafield tag="400" ind1="1" ind2=" ">
      <subfield code="a">Kolberg, Georg Burchard Löffelholtz &#152;von&#156;</subfield>
      <subfield code="d">1664-1737</subfield>
    </datafield>
    <datafield tag="400" ind1="1" ind2=" ">
      <subfield code="a">Löffelholz a Colberg, Georgius Burchardus</subfield>
      <subfield code="d">1664-1737</subfield>
    </datafield>
    <datafield tag="400" ind1="1" ind2=" ">
      <subfield code="a">Löffelholz, Georg Burkhard</subfield>
      <subfield code="d">1664-1737</subfield>
    </datafield>
    <datafield tag="400" ind1="1" ind2=" ">
      <subfield code="a">Löffelholz, Georg Burckhard</subfield>
      <subfield code="d">1664-1737</subfield>
    </datafield>
    <datafield tag="400" ind1="1" ind2=" ">
      <subfield code="a">Löffelholz, Georg Burchard</subfield>
      <subfield code="d">1664-1737</subfield>
    </datafield>
    <datafield tag="400" ind1="1" ind2=" ">
      <subfield code="a">Löffelholtz, Georg Burkhard</subfield>
      <subfield code="d">1664-1737</subfield>
    </datafield>
    <datafield tag="400" ind1="1" ind2=" ">
      <subfield code="a">Löffelholtz, Georg Burckhard</subfield>
      <subfield code="d">1664-1737</subfield>
    </datafield>
    <datafield tag="400" ind1="1" ind2=" ">
      <subfield code="a">Löffelholtz, Georg Burchard</subfield>
      <subfield code="d">1664-1737</subfield>
    </datafield>
    <datafield tag="400" ind1="1" ind2=" ">
      <subfield code="a">Löffelholz, Georgius Burchardus</subfield>
      <subfield code="d">1664-1737</subfield>
    </datafield>
    <datafield tag="400" ind1="1" ind2=" ">
      <subfield code="a">Loeffelholz a Colberg, Georg. Burcard.</subfield>
      <subfield code="d">1664-1737</subfield>
    </datafield>
    <datafield tag="400" ind1="1" ind2=" ">
      <subfield code="a">Colberg, Georg. Burcard. Loeffelholz &#152;a&#156;</subfield>
      <subfield code="d">1664-1737</subfield>
    </datafield>
    <datafield tag="400" ind1="1" ind2=" ">
      <subfield code="a">Löffelholz von Colberg, Georg B.</subfield>
      <subfield code="d">1664-1737</subfield>
    </datafield>
    <datafield tag="400" ind1="1" ind2=" ">
      <subfield code="a">Colberg, Georgius Burchardus Löffelholz &#152;à&#156;</subfield>
      <subfield code="d">1664-1737</subfield>
    </datafield>
    <datafield tag="548" ind1=" " ind2=" ">
      <subfield code="a">1664-1737</subfield>
      <subfield code="4">datl</subfield>
      <subfield code="4">https://d-nb.info/standards/elementset/gnd#dateOfBirthAndDeath</subfield>
      <subfield code="w">r</subfield>
      <subfield code="i">Lebensdaten</subfield>
      <subfield code="9">v:Todesjahr evtl. 1714</subfield>
    </datafield>
    <datafield tag="551" ind1=" " ind2=" ">
      <subfield code="0">(DE-101)040427420</subfield>
      <subfield code="0">(DE-588)4042742-0</subfield>
      <subfield code="0">https://d-nb.info/gnd/4042742-0</subfield>
      <subfield code="a">Nürnberg</subfield>
      <subfield code="4">ortg</subfield>
      <subfield code="4">https://d-nb.info/standards/elementset/gnd#placeOfBirth</subfield>
      <subfield code="w">r</subfield>
      <subfield code="i">Geburtsort</subfield>
    </datafield>
    <datafield tag="667" ind1=" " ind2=" ">
      <subfield code="a">12</subfield>
    </datafield>
    <datafield tag="667" ind1=" " ind2=" ">
      <subfield code="a">VD-17</subfield>
    </datafield>
    <datafield tag="670" ind1=" " ind2=" ">
      <subfield code="a">Vorlage</subfield>
    </datafield>
    <datafield tag="672" ind1=" " ind2="0">
      <subfield code="a">Moller, Daniel W.: Diss. inaug. de fatalibus personarum nominibus. - 1685</subfield>
    </datafield>
    <datafield tag="678" ind1=" " ind2=" ">
      <subfield code="b">Nürnberger Patrizier; 1681 u. 1683 imm. in Altdorf; 1685 Defendent an der Univ. Altdorf; später Amtmann des Lorenzer Waldes; Ratsherr in Nürnberg</subfield>
    </datafield>
    <datafield tag="913" ind1=" " ind2=" ">
      <subfield code="S">pnd</subfield>
      <subfield code="i">a</subfield>
      <subfield code="a">Löffelholz von Colberg, Georg Burkhard</subfield>
      <subfield code="0">(DE-588a)121588270</subfield>
    </datafield>
  </record>
